%%
% 参考文献
% 参考文献是毕业设计(论文)不可缺少的组成部分,它反映毕业设计(论文)的取材来源、材料的广博程度和材料的可靠程度,也是作者对他人知识成果的承认和尊重。一份完整的参考文献可向读者提供一份有价值的信息资料,列入的文献应在 10 篇以上,其中外文文献在 2 篇以上。
%%
@article{vaswani2017attention,
  title={Attention is all you need},
  author={Vaswani, Ashish and Shazeer, Noam and Parmar, Niki and Uszkoreit, Jakob and Jones, Llion and Gomez, Aidan N and Kaiser, {\L}ukasz and Polosukhin, Illia},
  journal={Advances in neural information processing systems},
  volume={30},
  year={2017}
}

@article{dosovitskiy2020image,
  title={An image is worth 16x16 words: Transformers for image recognition at scale},
  author={Dosovitskiy, Alexey and Beyer, Lucas and Kolesnikov, Alexander and Weissenborn, Dirk and Zhai, Xiaohua and Unterthiner, Thomas and Dehghani, Mostafa and Minderer, Matthias and Heigold, Georg and Gelly, Sylvain and others},
  journal={arXiv preprint arXiv:2010.11929},
  year={2020}
}

@inproceedings{liu2021swin,
  title={Swin transformer: Hierarchical vision transformer using shifted windows},
  author={Liu, Ze and Lin, Yutong and Cao, Yue and Hu, Han and Wei, Yixuan and Zhang, Zheng and Lin, Stephen and Guo, Baining},
  booktitle={Proceedings of the IEEE/CVF international conference on computer vision},
  pages={10012--10022},
  year={2021}
}

@inproceedings{wang2020axial,
  title={Axial-deeplab: Stand-alone axial-attention for panoptic segmentation},
  author={Wang, Huiyu and Zhu, Yukun and Green, Bradley and Adam, Hartwig and Yuille, Alan and Chen, Liang-Chieh},
  booktitle={Computer Vision--ECCV 2020: 16th European Conference, Glasgow, UK, August 23--28, 2020, Proceedings, Part IV},
  pages={108--126},
  year={2020},
  organization={Springer}
}

@article{brunker2017photoacoustic,
  title={Photoacoustic imaging using genetically encoded reporters: a review},
  author={Brunker, Joanna and Yao, Junjie and Laufer, Jan and Bohndiek, Sarah E},
  journal={Journal of biomedical optics},
  volume={22},
  number={7},
  pages={070901--070901},
  year={2017},
  publisher={Society of Photo-Optical Instrumentation Engineers}
}

@article{treeby2010k,
  title={k-Wave: MATLAB toolbox for the simulation and reconstruction of photoacoustic wave fields},
  author={Treeby, Bradley E and Cox, Benjamin T},
  journal={Journal of biomedical optics},
  volume={15},
  number={2},
  pages={021314--021314},
  year={2010},
  publisher={Society of Photo-Optical Instrumentation Engineers}
}

@inproceedings{touvron2021training,
  title={Training data-efficient image transformers \& distillation through attention},
  author={Touvron, Hugo and Cord, Matthieu and Douze, Matthijs and Massa, Francisco and Sablayrolles, Alexandre and J{\'e}gou, Herv{\'e}},
  booktitle={International conference on machine learning},
  pages={10347--10357},
  year={2021},
  organization={PMLR}
}

@inproceedings{wu2022tinyvit,
  title={Tinyvit: Fast pretraining distillation for small vision transformers},
  author={Wu, Kan and Zhang, Jinnian and Peng, Houwen and Liu, Mengchen and Xiao, Bin and Fu, Jianlong and Yuan, Lu},
  booktitle={Computer Vision--ECCV 2022: 17th European Conference, Tel Aviv, Israel, October 23--27, 2022, Proceedings, Part XXI},
  pages={68--85},
  year={2022},
  organization={Springer}
}

@inproceedings{zhang2022minivit,
  title={Minivit: Compressing vision transformers with weight multiplexing},
  author={Zhang, Jinnian and Peng, Houwen and Wu, Kan and Liu, Mengchen and Xiao, Bin and Fu, Jianlong and Yuan, Lu},
  booktitle={Proceedings of the IEEE/CVF Conference on Computer Vision and Pattern Recognition},
  pages={12145--12154},
  year={2022}
}

@article{rao2021dynamicvit,
  title={Dynamicvit: Efficient vision transformers with dynamic token sparsification},
  author={Rao, Yongming and Zhao, Wenliang and Liu, Benlin and Lu, Jiwen and Zhou, Jie and Hsieh, Cho-Jui},
  journal={Advances in neural information processing systems},
  volume={34},
  pages={13937--13949},
  year={2021}
}